<record><leader>00000cas a22000007a 4500</leader><controlfield tag="001">16727562</controlfield><controlfield tag="008">870922d18761882ohuwr ne      0    0eng d</controlfield><datafield ind1=" " ind2=" " tag="010"><subfield code="a">sn 87075102 </subfield></datafield><datafield ind1=" " ind2=" " tag="040"><subfield code="a">ONP</subfield><subfield code="b">eng</subfield><subfield code="c">ONP</subfield><subfield code="d">OCL</subfield><subfield code="d">OCLCQ</subfield></datafield><datafield ind1=" " ind2=" " tag="042"><subfield code="a">msc</subfield></datafield><datafield ind1="0" ind2="4" tag="245"><subfield code="a">The Portsmouth tribune and Republican.</subfield></datafield><datafield ind1="3" ind2="0" tag="246"><subfield code="a">Tribune and Republican</subfield></datafield><datafield ind1=" " ind2=" " tag="260"><subfield code="a">Portsmouth, Ohio :</subfield><subfield code="b">McFarland &amp; Elick,</subfield><subfield code="c">1876-1882.</subfield></datafield><datafield ind1=" " ind2=" " tag="310"><subfield code="a">Weekly</subfield></datafield><datafield ind1="0" ind2=" " tag="362"><subfield code="a">Vol. 40, no. 33 (Aug. 16, 1876)-v. 46, no. 26 (June 28, 1882).</subfield></datafield><datafield ind1=" " ind2=" " tag="752"><subfield code="a">United States</subfield><subfield code="b">Ohio</subfield><subfield code="c">Scioto</subfield><subfield code="d">Portsmouth.</subfield></datafield><datafield ind1="0" ind2="4" tag="780"><subfield code="t">Portsmouth tribune (Portsmouth, Ohio : 1872)</subfield><subfield code="w">(DLC)sn8700075104</subfield></datafield><datafield ind1="0" ind2="4" tag="780"><subfield code="t">Portsmouth Republican (Portsmouth, Ohio : 1866)</subfield><subfield code="w">(DLC)sn 86079032</subfield></datafield></record>